@online{TheHDFS,
    title={The Hadoop Distributed File System},
    visit={2014},
    url={http://www.aosabook.org/en/hdfs.html},
    hyphenation={english},
    keywords={hadoop}
}

@online{HDFSDocuments,
    title={The Hadoop Distributed File System: Architecture and Design},
    year={2007},
    url={http://hadoop.apache.org/docs/r0.18.0/hdfs_design.pdf},
    hyphenation={english},
    keywords={hadoop}
}

@book{DG04,
    author={Jeffrey Dean and Sanjay Ghemawat},
    title={MapReduce: Simplified Data Processing on Large Clusters},
    publisher={Proc. Sixth Symposium on Operating System Design and Implementation},
    year={2004},
    hyphenation={english}
}

@Article{ranganathan02,
  author = 	 {Ranganathan, K. and Foster, I.},
  title = 	 {Decoupling computation and data scheduling in distributed data-intensive applications},
  journal = 	 {Proc. 2002 High Performance Distributed Computing IEEE International Symposium},
  year = 	 2002,
  volume =	 11,
  pages =	 {352-358}
}